<record><leader>00000cas a22000007a 4500</leader><controlfield tag="001">11592754</controlfield><controlfield tag="008">850117d18521852mdudn ne      0    0eng d</controlfield><datafield ind1=" " ind2=" " tag="010"><subfield code="a">sn 85025152 </subfield></datafield><datafield ind1=" " ind2=" " tag="040"><subfield code="a">NPX</subfield><subfield code="b">eng</subfield><subfield code="c">NPX</subfield><subfield code="d">MFN</subfield><subfield code="d">OCLCQ</subfield></datafield><datafield ind1=" " ind2=" " tag="042"><subfield code="a">msc</subfield></datafield><datafield ind1="0" ind2=" " tag="130"><subfield code="a">Daily times (Baltimore, Md.)</subfield></datafield><datafield ind1="1" ind2="4" tag="245"><subfield code="a">The daily times.</subfield></datafield><datafield ind1="1" ind2="3" tag="246"><subfield code="a">Baltimore daily times</subfield></datafield><datafield ind1=" " ind2=" " tag="260"><subfield code="a">Baltimore [Md.] :</subfield><subfield code="b">F.X. Lipp &amp; Co.</subfield></datafield><datafield ind1=" " ind2=" " tag="300"><subfield code="a">v.</subfield></datafield><datafield ind1=" " ind2=" " tag="310"><subfield code="a">Daily (except Sun.)</subfield></datafield><datafield ind1="1" ind2=" " tag="362"><subfield code="a">Began with Apr. 26, 1852 issue? Ceased in Oct. 1852.</subfield></datafield><datafield ind1=" " ind2=" " tag="588"><subfield code="a">Description based on: Vol. 1, no. 37 (June 7, 1852).</subfield></datafield><datafield ind1=" " ind2=" " tag="752"><subfield code="a">United States</subfield><subfield code="b">Maryland</subfield><subfield code="d">Baltimore.</subfield></datafield></record>